[gd_scene load_steps=8 format=2]

[ext_resource path="res://Scripts/MainMenu.gd" type="Script" id=1]
[ext_resource path="res://Assets/Resource Files/titling.tres" type="DynamicFont" id=2]
[ext_resource path="res://Assets/Resource Files/default.tres" type="DynamicFont" id=3]
[ext_resource path="res://Assets/Graphics/monochrome_transparent.png" type="Texture" id=4]
[ext_resource path="res://Assets/Resource Files/button_reg.tres" type="StyleBox" id=5]
[ext_resource path="res://Assets/Resource Files/button_activated.tres" type="StyleBox" id=6]
[ext_resource path="res://Assets/Sounds/Select.wav" type="AudioStream" id=7]

[node name="MainMenu" type="Control"]
anchor_right = 1.0
anchor_bottom = 1.0
script = ExtResource( 1 )

[node name="MarginContainer" type="MarginContainer" parent="."]
anchor_right = 1.0
anchor_bottom = 1.0

[node name="VBoxContainer" type="VBoxContainer" parent="MarginContainer"]
margin_right = 1024.0
margin_bottom = 600.0

[node name="Label" type="Label" parent="MarginContainer/VBoxContainer"]
margin_right = 1024.0
margin_bottom = 124.0
custom_fonts/font = ExtResource( 2 )
text = "My Commute Is Murder"
align = 1

[node name="Label2" type="Label" parent="MarginContainer/VBoxContainer"]
margin_top = 128.0
margin_right = 1024.0
margin_bottom = 164.0
custom_fonts/font = ExtResource( 3 )
text = "A Post-Apocalyptic Ride to Work With Lasers"
align = 1

[node name="HBoxContainer" type="HBoxContainer" parent="MarginContainer/VBoxContainer"]
margin_top = 168.0
margin_right = 1024.0
margin_bottom = 568.0

[node name="TextureRect" type="TextureRect" parent="MarginContainer/VBoxContainer/HBoxContainer"]
margin_right = 450.0
margin_bottom = 400.0
rect_min_size = Vector2( 450, 400 )

[node name="Sprite" type="Sprite" parent="MarginContainer/VBoxContainer/HBoxContainer/TextureRect"]
position = Vector2( 218.533, 214.902 )
scale = Vector2( 20, 20 )
texture = ExtResource( 4 )
vframes = 32
hframes = 32
frame = 38

[node name="Sprite2" type="Sprite" parent="MarginContainer/VBoxContainer/HBoxContainer/TextureRect"]
position = Vector2( 301.571, 350.791 )
scale = Vector2( 7, 7 )
texture = ExtResource( 4 )
flip_h = true
vframes = 32
hframes = 32
frame = 481

[node name="VBoxContainer" type="VBoxContainer" parent="MarginContainer/VBoxContainer/HBoxContainer"]
margin_left = 454.0
margin_right = 1004.0
margin_bottom = 400.0
custom_constants/separation = 20
alignment = 1

[node name="HBoxContainer" type="HBoxContainer" parent="MarginContainer/VBoxContainer/HBoxContainer/VBoxContainer"]
margin_top = 144.0
margin_right = 550.0
margin_bottom = 190.0
custom_constants/separation = 16

[node name="Easy" type="Button" parent="MarginContainer/VBoxContainer/HBoxContainer/VBoxContainer/HBoxContainer"]
margin_right = 158.0
margin_bottom = 46.0
custom_styles/hover = ExtResource( 5 )
custom_styles/pressed = ExtResource( 6 )
custom_styles/normal = ExtResource( 5 )
custom_fonts/font = ExtResource( 3 )
text = "Start Easy"

[node name="Medium" type="Button" parent="MarginContainer/VBoxContainer/HBoxContainer/VBoxContainer/HBoxContainer"]
margin_left = 174.0
margin_right = 374.0
margin_bottom = 46.0
custom_styles/hover = ExtResource( 5 )
custom_styles/pressed = ExtResource( 6 )
custom_styles/normal = ExtResource( 5 )
custom_fonts/font = ExtResource( 3 )
text = "Start Medium"

[node name="Hard" type="Button" parent="MarginContainer/VBoxContainer/HBoxContainer/VBoxContainer/HBoxContainer"]
margin_left = 390.0
margin_right = 550.0
margin_bottom = 46.0
custom_styles/hover = ExtResource( 5 )
custom_styles/pressed = ExtResource( 6 )
custom_styles/normal = ExtResource( 5 )
custom_fonts/font = ExtResource( 3 )
text = "Start Hard"

[node name="HBoxContainer2" type="HBoxContainer" parent="MarginContainer/VBoxContainer/HBoxContainer/VBoxContainer"]
margin_top = 210.0
margin_right = 550.0
margin_bottom = 256.0
alignment = 1

[node name="Instructions" type="Button" parent="MarginContainer/VBoxContainer/HBoxContainer/VBoxContainer/HBoxContainer2"]
margin_left = 216.0
margin_right = 334.0
margin_bottom = 46.0
custom_styles/hover = ExtResource( 5 )
custom_styles/pressed = ExtResource( 6 )
custom_styles/normal = ExtResource( 5 )
custom_fonts/font = ExtResource( 3 )
text = "how???"

[node name="AudioStreamPlayer" type="AudioStreamPlayer" parent="."]
stream = ExtResource( 7 )
[connection signal="pressed" from="MarginContainer/VBoxContainer/HBoxContainer/VBoxContainer/HBoxContainer/Easy" to="." method="_on_Easy_pressed"]
[connection signal="pressed" from="MarginContainer/VBoxContainer/HBoxContainer/VBoxContainer/HBoxContainer/Medium" to="." method="_on_Medium_pressed"]
[connection signal="pressed" from="MarginContainer/VBoxContainer/HBoxContainer/VBoxContainer/HBoxContainer/Hard" to="." method="_on_Hard_pressed"]
[connection signal="pressed" from="MarginContainer/VBoxContainer/HBoxContainer/VBoxContainer/HBoxContainer2/Instructions" to="." method="_on_Instructions_pressed"]
